@online{asur-homepage,
  author = {Freeman},
  title = {Homepage},
  year = 2021,
  url = {http://alles-schallundrauch.blogspot.com/},
  urldate = {2021-05-23}
}


@online{psiram-asur,
  title = {Alles Schall und Rauch},
  organization = {Psiram},
  year = 2020,
  url = {https://www.psiram.com/de/index.php/Alles_Schall_und_Rauch},
  urldate = {2021-05-23}
}

@online{vice-asur,
  author = {Anonymous},
  title = {Mein Vater ist der Verschwörungstheoretiker hinter "Alles Schall und Rauch"},
  organization = {Vice},
  year = 2020,
  url = {https://www.vice.com/de/article/gyx8aq/mein-vater-der-bekannte-verschwoerungstheoretiker},
  urldate = {2021-05-23}
}

@online{psiram-conrebbi,
  title = {Conrebbi},
  organization = {Psiram},
  year = 2020,
  url = {https://www.psiram.com/de/index.php/Conrebbi},
  urldate = {2021-05-23}
}

@online{dprang-klima,
  title = {Conrebbi},
  organization = {Psiram},
  year = 2020,
  url = {https://www.psiram.com/de/index.php/Conrebbi},
  urldate = {2021-05-23}
}


@online{dprang-agb,
  title = {Verbal-Fäkalien: Das Treibhausgas},
  organization = {Deutschland - Pranger},
  year = 2018,
  url = {http://deutschland-pranger.de/b2evolution/index.php/treibhauseffekt-jpg},
  urldate = {2021-05-23}
}

@online{dprang-agb,
  title = {Blog AGB´s},
  organization = {Deutschland - Pranger},
  year = 2016,
  url = {http://deutschland-pranger.de/b2evolution/index.php/ueber-diese-seite},
  urldate = {2021-05-23}
}



Inhaltlich finden sich etwa beim \textit{Deutschlandpranger} recht klassische Themen wie die Leugnung des Klimawandels, sind die dazugehörigen Text überdurchschnittlich lang und voller Werbung für Bücher zu z.T. komplett unabhängigen Themen.

